@inproceedings{falcone2015easing,
  title={Easing the development of HLA Federates: the HLA Development Kit and its exploitation in the SEE Project},
  author={Falcone, Alberto and Garro, Alfredo and Anagnostou, Anastasia and Chaudhry, Nauman R and Salah, Omar-Alfred and Taylor, Simon JE},
  booktitle={2015 IEEE/ACM 19th International Symposium on Distributed Simulation and Real Time Applications (DS-RT)},
  pages={50--57},
  year={2015},
  organization={IEEE}
}
@inproceedings{bulgatz2012design,
  title={Design and Implementation of Lunar Communications Satellite and Server Federates for the 2012 SISO Smackdown Federation},
  author={Bulgatz, Dennis and Heater, Daniel and O\rq{}Neil, Daniel A and Norris, Bryan and Schricker, Bradley C and Petty, Mikel D},
  booktitle={Proceedings of the Fall 2012 Simulation Interoperability Workshop},
  pages={10--14}
}
@inproceedings{fordyce2012three,
  title={Three Dimensional Computer Graphics Federates for the 2012 SISO Smackdown Federation},
  author={Fordyce, Crystal and Govindaiah, Swetha and Muratet, Sean and O\rq{}Neil, Daniel A and Schricker, Bradley C and Petty, MD},
  booktitle={Proceedings of the Fall 2012 Simulation Interoperability Workshop},
  pages={10--14}
}
@misc{SEE,
  title = {Simulation Exploration Experience (SEE) project},
  howpublished = {\url{http://www.exploresim.com}},
  note = {Accessed: 2016-05-15}
}

@inproceedings{falcone2014simulation,
  title={Simulation Exploration Experience: A Communication System and a 3D Real Time Visualization for a Moon base simulated scenario},
  author={Falcone, Alberto and Garro, Alfredo and Longo, Federica and Spadafora, Francisco},
  booktitle={Distributed Simulation and Real Time Applications (DS-RT), 2014 IEEE/ACM 18th International Symposium on},
  pages={113--120},
  year={2014},
  organization={IEEE}
}
@misc{STK,
  title = {AGI STK Components},
howpublished = {\url{http://www.agi.com/products/stk/modules/default.aspx/id/stk-components}},
    note = {Accessed: 2016-05-15}
}
@misc{HLA,
  title = {HLA Tutorial},
  howpublished = {\url{http://www.pitchtechnologies.com/wp-content/uploads/2014/04/TheHLAtutorial.pdf}},
  note = {Accessed: 2016-05-15}
}
@article{walker1984satellite,
  title={Satellite constellations},
  author={Walker, John G},
  journal={Journal of the British Interplanetary Society},
  volume={37},
  pages={559--572},
  year={1984}
}